<?xml version="1.0" encoding="UTF-8"?><collection xmlns="http://www.loc.gov/MARC21/slim"><record><leader>00448nam--2200121-i-4500</leader><controlfield tag="001">000035081</controlfield><controlfield tag="002">20161230</controlfield><controlfield tag="005">20161230201040</controlfield><controlfield tag="008">060222s1000------------r-----000-0-eng-d</controlfield><datafield ind1=" " ind2=" " tag="080"><subfield code="a">338.061:622</subfield></datafield><datafield ind1=" " ind2=" " tag="245"><subfield code="a">Organizarea si planificarea productiei in intreprinderile miniere. manual pentru scolile tehnice de maistri, de lubenescu dan, parjol mircea, rebreanu pompei, stanescu petre</subfield></datafield><datafield ind1=" " ind2=" " tag="260"><subfield code="a">Bucuresti, Ed.Didact.Si Pedag., 1969, 399p</subfield></datafield><datafield ind1=" " ind2=" " tag="852"><subfield code="a">37754</subfield></datafield></record></collection>